@comment{This file has been generated by Pybliographer}


@Misc{Junit:01,
  Author         = {{Adolfo Neto}},
  Title          = {Desenvolvimento dirigido por testes com junit},
  HowPublished   = {http://va.mu/AJ50},
  month          = may,
  url            = {http://va.mu/AJ50},
  year           = 2010
}

@Misc{BaptisteLepilleur:01,
  Author         = {{Baptiste Lepilleur}},
  Title          = {Source{F}orge.net: {Q}t{T}est{R}unner - cppunit},
  HowPublished   = {http://va.mu/oDe},
  Note           = {[Online; accessed 13-June-2011]},
  url            = {http://va.mu/oDe},
  year           = 2002
}

@Misc{BaptisteLepilleur:02,
  Author         = {{Baptiste Lepilleur}},
  Title          = {Source{F}orge.net: {M}fc{T}est{R}unner - cppunit},
  HowPublished   = {http://va.mu/oDN},
  Note           = {[Online; accessed 13-June-2011]},
  url            = {http://va.mu/oDN},
  year           = 2002
}

@Misc{BaptisteLepilleur:03,
  Author         = {{Baptiste Lepilleur}},
  Title          = {Cpp{U}nit 2 testing framework in launchpad},
  HowPublished   = {https://launchpad.net/cppunit2},
  Note           = {[Online; accessed 13-June-2011]},
  url            = {https://launchpad.net/cppunit2},
  year           = 2004
}

@Book{beck1999kent,
  Author         = {Beck, Kent},
  Title          = {Kent Beck's guide to better Smalltalk},
  Publisher      = {Cambridge University Press},
  Address        = {Cambridge, U.K. New York},
  isbn           = {9780521644372},
  year           = 1999
}

@Book{Beck:2002:TDD:579193,
  Author         = {Beck},
  Title          = {Test driven development: by example},
  Publisher      = {Addison-Wesley Longman Publishing Co., Inc.},
  Address        = {Boston, MA, USA},
  isbn           = {0321146530},
  year           = 2002
}

@Misc{CodingDojo:01,
  Author         = {CodingDojo},
  Title          = {Welcome to the coding dojo},
  HowPublished   = {http://va.mu/3e3},
  Note           = {[Online; accessed 13-June-2011]},
  url            = {http://va.mu/3e3},
  year           = 2004
}

@Misc{Ementarios:CABS001,
  Author         = {{DAINF - UTFPR}},
  Title          = {Ement\'arios das disciplinas - {DAINF}-{D}epartamento
                   acad\^emico de inform\'atica - {A}lgoritmos e
                   {E}struturas de {D}ados ({CABS}-001)},
  HowPublished   = {http://va.mu/oLH},
  Note           = {[Online; accessed 13-June-2011]},
  url            = {http://va.mu/oLH},
  year           = 2011
}

@Misc{Ementarios:CABS002,
  Author         = {{DAINF - UTFPR}},
  Title          = {Ement\'arios das disciplinas - {DAINF}-{D}epartamento
                   acad\^emico de inform\'atica - {P}rograma\c{c}\~ao
                   {A}van\c{c}ada ({CABS}-002)},
  HowPublished   = {http://va.mu/oNA},
  Note           = {[Online; accessed 13-June-2011]},
  url            = {http://va.mu/oNA},
  year           = 2011
}

@Misc{BruceDawson:01,
  Author         = {Dawson, Bruce},
  Title          = {Comparing floating point numbers},
  HowPublished   = {http://va.mu/3ew},
  Note           = {[Online; accessed 13-June-2011]},
  url            = {http://va.mu/3ew},
  year           = 2006
}

@Misc{DojoPR:01,
  Author         = {Dojo-PR},
  Title          = {Dojo-parana's profile - {G}it{H}ub},
  HowPublished   = {https://github.com/dojo-parana},
  Note           = {[Online; accessed 13-June-2011]},
  month          = {28 } # may,
  url            = {https://github.com/dojo-parana},
  year           = 2010
}

@Misc{MichaelFeathers:02,
  Author         = {Feathers, Michael},
  Title          = {Source{F}orge.net: cppunit download},
  HowPublished   = {http://va.mu/oND},
  Note           = {[Online; accessed 13-June-2011]},
  url            = {http://va.mu/oND},
  year           = 2002
}

@Misc{MichaelFeathers:03,
  Author         = {Feathers, Michael},
  Title          = {Source{F}orge.net: cppunit what is},
  HowPublished   = {http://va.mu/oNE},
  Note           = {[Online; accessed 13-June-2011]},
  url            = {http://va.mu/oNE},
  year           = 2002
}

@Misc{MichaelFeathers:01,
  Author         = {Feathers, Michael},
  Title          = {Source{F}orge.net: cppunit},
  HowPublished   = {http://va.mu/oNB},
  Note           = {[Online; accessed 13-June-2011]},
  url            = {http://va.mu/oNB},
  year           = 2002
}

@Misc{PSF:01,
  Author         = {Foundation, Python Software},
  Title          = {25.3. unittest - unit testing framework - python
                   v2.7.1 documentation},
  HowPublished   = {http://va.mu/oMf},
  Note           = {[Online; accessed 13-June-2011]},
  url            = {http://va.mu/oMf},
  year           = 2001
}

@Misc{GoogleTestPrimer:01,
  Author         = {Google},
  Title          = {V1\_5\_{P}rimer - googletest - getting started with
                   google c++ testing framework},
  HowPublished   = {http://va.mu/oNF},
  Note           = {[Online; accessed 13-June-2011]},
  url            = {http://va.mu/oNF},
  year           = 2008
}

@Misc{GoogleTestDoc:01,
  Author         = {Google},
  Title          = {V1\_5\_{D}ocumentation - googletest - documentation on
                   google test 1.5.0},
  HowPublished   = {http://va.mu/3e0},
  Note           = {[Online; accessed 13-June-2011]},
  url            = {http://va.mu/3e0},
  year           = 2008
}

@Misc{GoogleTest:01,
  Author         = {Google},
  Title          = {Googletest - google c++ testing framework - home page},
  HowPublished   = {http://va.mu/oMi},
  Note           = {[Online; accessed 13-June-2011]},
  url            = {http://va.mu/oMi},
  year           = 2008
}

@Misc{GoogleDownloads:01,
  Author         = {Google},
  Title          = {Downloads - googletest - google c++ testing framework
                   - {D}ownloads},
  HowPublished   = {http://va.mu/oMg},
  Note           = {[Online; accessed 13-June-2011]},
  url            = {http://va.mu/oMg},
  year           = 2008
}

@Misc{GrupyPR:01,
  Author         = {Grupy-PR},
  Title          = {Gru{P}y-{PR} grupos do google},
  HowPublished   = {http://va.mu/oMk},
  Note           = {[Online; accessed 13-June-2011]},
  url            = {http://va.mu/oMk},
  year           = 2007
}

@Misc{GudPR:01,
  Author         = {GUD-PR},
  Title          = {G{UD}-{BR}-{PR}},
  HowPublished   = {http://va.mu/3ez},
  Note           = {[Online; accessed 13-June-2011]},
  abstract       = {GUR-PR},
  url            = {http://va.mu/3ez},
  year           = 2006
}

@Misc{RobertCMartin:01,
  Author         = {Martin, Robert C.},
  Title          = {Article{S}.{U}ncle{B}ob.{T}he{B}owling{G}ame{K}ata},
  HowPublished   = {http://va.mu/oMl},
  Note           = {[Online; accessed 13-June-2011]},
  journal        = {The Bowling Game Kata},
  url            = {http://va.mu/oMl},
  year           = 2005
}

@Misc{OlveMaudal:01,
  Author         = {Maudal, Olve},
  Title          = {Test-{D}riven development in c - geektalk},
  HowPublished   = {http://va.mu/oMm},
  Note           = {[Online; accessed 13-June-2011]},
  abstract       = {10 minute lightening talk about Test-Driven
                   Development in C.},
  journal        = {Geektalk},
  month          = {27 } # nov,
  type           = {blog},
  url            = {http://va.mu/oMm},
  year           = 2007
}

@Misc{CppUnit:01,
  Author         = {{Michael Feathers}},
  Title          = {Cpp{U}nit - the unit testing library},
  HowPublished   = {http://va.mu/3ex},
  Note           = {[Online; accessed 13-June-2011]},
  url            = {http://va.mu/3ex},
  year           = 2002
}

@Misc{WikipediaXUnit:01,
  Author         = {Wikipedia},
  Title          = {{x}{U}nit - wikipedia, the free encyclopedia},
  HowPublished   = {http://va.mu/oNI},
  Note           = {[Online; accessed 13-June-2011]},
  url            = {http://va.mu/oNI},
  year           = 1999
}

@Misc{wiki:smalltalk:01,
  Author         = "Wikipedia",
  Title          = "Smalltalk - Wikipedia{,} The Free Encyclopedia",
  HowPublished   = {http://va.mu/AKLX},
  Note           = "[Online; accessed 20-June-2011]",
  url            = {http://va.mu/AKLX},
  year           = 1972
}

@Misc{wiki:sunit:01,
  Author         = "Wikipedia",
  Title          = "SUnit - Wikipedia{,} The Free Encyclopedia",
  HowPublished   = {http://va.mu/AKJL},
  Note           = "[Online; accessed 20-June-2011]",
  url            = {http://va.mu/AKJL},
  year           = 1999
}

